<record><leader>00000cas a22000007a 4500</leader><controlfield tag="001">13026272</controlfield><controlfield tag="008">860115d18791884mtuwr ne      0    0eng d</controlfield><datafield ind1=" " ind2=" " tag="010"><subfield code="a">sn 86075013 </subfield></datafield><datafield ind1=" " ind2=" " tag="040"><subfield code="a">MTL</subfield><subfield code="b">eng</subfield><subfield code="c">MTL</subfield><subfield code="d">CRL</subfield><subfield code="d">OCLCQ</subfield><subfield code="d">OCLCF</subfield></datafield><datafield ind1=" " ind2=" " tag="042"><subfield code="a">msc</subfield></datafield><datafield ind1=" " ind2=" " tag="043"><subfield code="a">n-us-mt</subfield></datafield><datafield ind1="0" ind2=" " tag="130"><subfield code="a">Yellowstone journal (Miles City, Mont. : Weekly : 1879)</subfield></datafield><datafield ind1="1" ind2="4" tag="245"><subfield code="a">The Yellowstone journal.</subfield></datafield><datafield ind1=" " ind2=" " tag="260"><subfield code="a">Miles City, Mont. :</subfield><subfield code="b">T.P. McElrath,</subfield><subfield code="c">1879-1884.</subfield></datafield><datafield ind1=" " ind2=" " tag="300"><subfield code="a">5 v. :</subfield><subfield code="b">ill. (chiefly ads.) ;</subfield><subfield code="c">60-65 cm.</subfield></datafield><datafield ind1=" " ind2=" " tag="310"><subfield code="a">Weekly</subfield></datafield><datafield ind1="0" ind2=" " tag="362"><subfield code="a">Vol. 1, no. 1 (July 24, 1879)-v. 5, no. 30 (Mar. 29, 1884).</subfield></datafield><datafield ind1=" " ind2="0" tag="651"><subfield code="a">Miles City (Mont.)</subfield><subfield code="v">Newspapers.</subfield></datafield><datafield ind1=" " ind2="7" tag="655"><subfield code="a">Newspapers.</subfield><subfield code="2">fast</subfield><subfield code="0">(OCoLC)fst01423814</subfield></datafield><datafield ind1=" " ind2="7" tag="651"><subfield code="a">Montana</subfield><subfield code="z">Miles City.</subfield><subfield code="2">fast</subfield><subfield code="0">(OCoLC)fst01212029</subfield></datafield><datafield ind1=" " ind2=" " tag="752"><subfield code="a">United States</subfield><subfield code="b">Montana</subfield><subfield code="c">Custer</subfield><subfield code="d">Miles City.</subfield></datafield><datafield ind1="0" ind2=" " tag="775"><subfield code="t">Daily Yellowstone journal (Miles City, Mont. : 1882)</subfield><subfield code="w">(DLC)sn 86075021</subfield></datafield><datafield ind1="0" ind2="0" tag="785"><subfield code="t">Weekly Yellowstone journal</subfield><subfield code="w">(DLC)sn 86075014</subfield><subfield code="w">(OCoLC)13026315</subfield></datafield></record>